<?xml version="1.0" encoding="UTF-8"?><collection xmlns="http://www.loc.gov/MARC21/slim"><record><leader>00457nam--2200169-i-4500</leader><controlfield tag="001">000002995</controlfield><controlfield tag="002">20161230</controlfield><controlfield tag="005">20161230201025</controlfield><controlfield tag="008">060222s1000------------r-----000-0-eng-d</controlfield><datafield ind1=" " ind2=" " tag="040"><subfield code="a">IFIN-HH</subfield></datafield><datafield ind1=" " ind2=" " tag="080"><subfield code="a">512.9</subfield></datafield><datafield ind1="1" ind2=" " tag="100"><subfield code="a">Chevalley, Claude C</subfield></datafield><datafield ind1="1" ind2="0" tag="245"><subfield code="a">The algebraic theory of spinors</subfield><subfield code="c">Claude c. chevalley</subfield></datafield><datafield ind1=" " ind2=" " tag="250"><subfield code="a">Second Printing</subfield></datafield><datafield ind1=" " ind2=" " tag="260"><subfield code="a">New York</subfield><subfield code="b">Columbia University Press</subfield><subfield code="c">1955</subfield></datafield><datafield ind1=" " ind2=" " tag="852"><subfield code="a">11817</subfield><subfield code="c">519.4</subfield></datafield><datafield ind1=" " ind2=" " tag="CAT"><subfield code="a">Sys</subfield><subfield code="c">20130809</subfield><subfield code="h">120650</subfield></datafield></record></collection>